@MISC{Ross:changeability,
    author = {A. M. Ross and J. C. Beesemyer and D. H. Rhodes and Adam M. Ross and J. Clark Beesemyer and Donna H. Rhodes},
    title = {seari.mit.edu A Prescriptive Semantic Basis for System Lifecycle Properties},
    year = {2012}
}

@book{Laprie:dependability,
  title={Fundamental concepts of dependability},
  author={Avizienis, Algirdas and Laprie, Jean-Claude and Randell, Brian and others},
  year={2001},
  publisher={University of Newcastle upon Tyne, Computing Science}
}

@inproceedings{Knight:safety,
  title={Certification and Safety Cases},
  author={Graydon, Patrick and Knight, John and Green, Mitchell},
  booktitle={Proceedings of the 28th International Systems Safety Conference (ISSC)},
  year={2010}
}


@inproceedings{Boehm:ontology,
  title={An Initial of an Ontology for System ilities},
  author={Boehm, Barry and Kukreja, Nupul},
  booktitle={To be presented in 25th Annual INCOSE International Symposium},
  year={2015}
}

@MISC{Adelard:ASCAD,
    author = {Adelard},
    title = {The Adelard Safety Case Development (ASCAD) Manual},
    howpublished = "\url{http://www.adelard.com/web/hnav/resources/ascad/index.html}",
}

@MISC{Adelard:CAE,
    author = {Adelard},
    title = {Claims, Arguments and Evidence (CAE)},
    howpublished = "\url{http://www.adelard.com/asce/choosing-asce/cae.html}",
}

@MISC{Kestrel:CertWare,
    author = {Kestrel},
    title = {Open source workbench for safety case development},
    howpublished = "\url{https://wiki.sei.cmu.edu/aadl/images/1/1e/CertWare-AADLMtgApr2012.pdf}",
}

@inproceedings{Knight:Assurance,
  year  = {2007},
  month = {Jun},
  author = {Patrick J. Graydon and John C. Knight and Elisabeth A. Strunk},
  title = {Assurance Based Development of Critical Systems},
  booktitle = {37th Annual {IEEE}/{IFIP} International Conference on Dependable Systems and Networks (DSN 2007)
}

@inproceedings{Kelly:GSN,
  title={The goal structuring notation--a safety argument notation},
  author={Kelly, Tim and Weaver, Rob},
  booktitle={Proceedings of the dependable systems and networks 2004 workshop on assurance cases},
  year={2004},
  organization={Citeseer}
}

@article{Basir:safety,
  title={Deriving safety cases from automatically constructed proofs},
  booktitle={Systems Safety 2009. Incorporating the SaRS Annual Conference, 4th IET International Conference on}, 
  author={Basir, Nurlida and Denney, Ewen and Fischer, Bernd},
  year={2009},
  publisher={IET}
}

@incollection{Rushby:formalism,
  title={Formalism in safety cases},
  author={Rushby, John},
  booktitle={Making Systems Safer},
  pages={3--17},
  year={2010},
  publisher={Springer}
}

@incollection{Rushby:logic,
  title={Logic and epistemology in safety cases},
  author={Rushby, John},
  booktitle={Computer Safety, Reliability, and Security},
  pages={1--7},
  year={2013},
  publisher={Springer}
}

@incollection{Rushby:assurance,
  title={Mechanized support for assurance case argumentation},
  author={Rushby, John},
  booktitle={New Frontiers in Artificial Intelligence},
  pages={304--318},
  year={2014},
  publisher={Springer}
}

@article{Antoniou:defeasible,
  title={Representation results for defeasible logic},
  author={Antoniou, Grigoris and Billington, David and Governatori, Guido and Maher, Michael J},
  journal={ACM Transactions on Computational Logic (TOCL)},
  volume={2},
  number={2},
  pages={255--287},
  year={2001},
  publisher={ACM}
}

@article{Maher:defeasible,
  title={Propositional defeasible logic has linear complexity},
  author={Maher, Michael J},
  journal={Theory and Practice of Logic Programming},
  volume={1},
  number={06},
  pages={691--711},
  year={2001},
  publisher={Cambridge Univ Press}
}

@book{Nute:defeasible,
  title={Handbook of Logic in Artificial Intelligence and Logic Programming: Volume 5: Logic Programming},
  author={Gabbay, Dov M and Robinson, JA},
  year={1998},
  publisher={Oxford University Press}
}

@article{Holloway:safety,
  title={Safety case notations: alternatives for the non-graphically inclined?},
  author={Holloway, C Michael},
  year={2008}
}

@article{Eagles:safety,
  title={Reducing risks and recalls: safety assurance cases for medical devices.},
  author={Eagles, Sherman and Wu, Fubin},
  journal={Biomedical instrumentation and technology/Association for the Advancement of Medical Instrumentation},
  volume={48},
  number={1},
  pages={24--32},
  year={2013}
}

@INPROCEEDINGS{Lundberg:qualityattributes,
    author = {Lars Lundberg and Jan Bosch and Daniel HÃ¤ggander and Per-Olof Bengtsson},
    title = {Quality Attributes in Software Architecture Design},
    booktitle = {PROCEEDINGS OF THE IASTED 3RD INTERNATIONAL CONFERENCE ON SOFTWARE ENGINEERING AND APPLICATIONS},
    year = {1999},
    pages = {353--362},
    publisher = {}
}

@inproceedings{vanGurp:MOSOA,
 author = {van Gurp, Jilles and Karhinen, Anssi and Bosch, Jan},
 title = {Mobile Service Oriented Architectures (MOSOA)},
 booktitle = {Proceedings of the 6th IFIP WG 6.1 International Conference on Distributed Applications and Interoperable Systems},
 series = {DAIS'06},
 year = {2006},
 isbn = {3-540-35126-4, 978-3-540-35126-9},
 location = {Bologna, Italy},
 pages = {1--15},
 numpages = {15},
 url = {http://dx.doi.org/10.1007/11773887_1},
 doi = {10.1007/11773887_1},
 acmid = {2122993},
 publisher = {Springer-Verlag},
 address = {Berlin, Heidelberg},
} 

@MISC{Graydon:successarguments,
    author = {Patrick J. Graydon and John C. Knight},
    title = {Success Arguments: Establishing Confidence in Software Development},
    year = {2008}
}